@online{wikipedia2022nichtwaehler,
    author = {Wikipedia},
    title = {Nictwähler},
    date = {2022-10-10},
    urldate = {2022-10-29},
    url = {https://de.wikipedia.org/wiki/Nichtwähler},
}